<record><leader>00000cas a22000007a 4500</leader><controlfield tag="001">23455830</controlfield><controlfield tag="008">910411c19309999ohumn ne      0    0eng d</controlfield><datafield ind1=" " ind2=" " tag="010"><subfield code="a">sn 91069110 </subfield></datafield><datafield ind1=" " ind2=" " tag="040"><subfield code="a">ONP</subfield><subfield code="b">eng</subfield><subfield code="c">ONP</subfield><subfield code="d">OCLCQ</subfield></datafield><datafield ind1=" " ind2=" " tag="042"><subfield code="a">msc</subfield></datafield><datafield ind1="0" ind2="0" tag="245"><subfield code="a">Akron Jewish news.</subfield></datafield><datafield ind1=" " ind2=" " tag="260"><subfield code="a">Akron, Ohio :</subfield><subfield code="b">Akron Jewish Community Foundation</subfield></datafield><datafield ind1=" " ind2=" " tag="300"><subfield code="a">v.</subfield></datafield><datafield ind1=" " ind2=" " tag="310"><subfield code="a">Monthly (Semimonthly in Oct.)</subfield></datafield><datafield ind1="1" ind2=" " tag="362"><subfield code="a">Began in 1930.</subfield></datafield><datafield ind1=" " ind2=" " tag="588"><subfield code="a">Description based on: Vol. 61, no. 3 (Mar. 1991).</subfield></datafield><datafield ind1=" " ind2=" " tag="752"><subfield code="a">United States</subfield><subfield code="b">Ohio</subfield><subfield code="c">Summit</subfield><subfield code="d">Akron.</subfield></datafield></record>